
@book{andrews_ClaNahuatl03,
  title = {Introduction to {{Classical Nahuatl}}},
  author = {Andrews, J. Richard},
  date = {2003},
  edition = {Rev. ed},
  publisher = {{University of Oklahoma Press}},
  location = {{Norman}},
  isbn = {978-0-8061-3452-9},
  keywords = {Grammar,Nahuatl language},
  langid = {english},
  pagetotal = {678}
}

@book{Hinz_DiscMex87,
  title = {Discursos en Mexicano. La vida cotidiana en la corte de Tetzcoco antes y después de la conquista española. Nahuatl — Español — Deutsch},
  shorttitle = {Discursos en Mexicano},
  author = {Hinz, Eike},
  date = {1987},
  publisher = {{Verlag von Flemming}},
  location = {{Berlin}},
  langid = {German, Spanish, Nahuatl}
}

@book{HopiDict98,
  title = {Hopi {{Dictionary}} = {{Hopìikwa Lavàytutuveni}}: A {{Hopi}}-{{English}} Dictionary of the {{Third Mesa}} Dialect},
  editor = {Hill, Kenneth C. and Sekaquaptewa, Emory and Black, Mary E. and Malotki, Ekkehart},
  date = {1998},
  publisher = {{University of Arizona Press}},
  location = {{Tucson}},
  langid = {english},
  pagetotal = {900}
}

@online{jordan_BriefNotesNahuatl,
  title = {Brief Notes on {{Classical Nahuatl}}},
  author = {Jordan, David K.},
  url = {https://pages.ucsd.edu/~dkjordan/nahuatl/nahuatl.html},
  langid = {english}
}

@book{lockhart_NahuatlWrittenLessons2001,
  title = {Nahuatl as Written: Lessons in Older Written {{Nahuatl}} with Copious Examples and Texts},
  shorttitle = {Nahuatl as Written},
  author = {Lockhart, James},
  date = {2001},
  publisher = {{Stanford University Press}},
  location = {{Stanford}},
  langid = {english},
  number = {6},
  pagetotal = {251},
  series = {Nahuatl {{Studies Series}}}
}

@online{Wikipedia_ClassicalNahuatlGrammar,
  title = {Classical {{Nahuatl}} Grammar},
  url = {https://en.wikipedia.org/wiki/Classical_Nahuatl_grammar},
  langid = {english},
  organization = {{Wikipedia}}
}



@incollection{canger_ReduplicationNahuatlDialectal1981,
  title = {Reduplication in {{Nahuatl}}, in Dialectal and Historical Perspective},
  booktitle = {Nahuatl Studies in Memory of {{Fernando Horcasitas}}},
  author = {Canger, Una},
  editor = {Karttunen, Frances},
  date = {1981},
  series = {Texas {{Linguistic Forum}}},
  number = {18},
  pages = {29--54},
  publisher = {{Department of Linguistics, The University of Texas}},
  location = {{Austin}},
  langid = {english}
}



@misc{wood_OnlineNahuatlDictionary,
  title = {Online {{Nahuatl Dictionary}}},
  author = {Wood, Stefanie},
  url = {https://nahuatl.uoregon.edu/}
}


